@Manual{i2c_manual,
	title = "UM10204 I\textsuperscript{2}C-bus specification and user manual",
	organization = "NXP Semiconductors",
	note = "Rev. 7.0",
	year = "2021"
}

@misc{i2c_wikipedia,
	author = "{Wikipedia}",
	title = "I\textsuperscript{2}C",
	year = "2022",
	url = "https://en.wikipedia.org/wiki/I%C2%B2C"
	note = "Preuzeto: 30. 05. 2022."
}

%@manual{oetiket2007lshort,
%    author = {Oetiket, T. and Partl, H. and Hyna and Schlegl, E.},
%    title = {The not-so-short introduction to Latex},
%    url = {http://www.ctan.org/tex-archive/info/lshort/english/lshort.pdf}
%}

%@Manual{downes2002shortams,
%  title = 	 {{Short Math Guide for \LaTeX{}}},
%  author = 	 {Downes,, Michael},
%  organization = {American Mathematical Society},
%  year = 	 {2002},
%  url = 	 {ftp://ftp.ams.org/pub/tex/doc/amsmath/short-math-guide.pdf}
%}

%@Book{ungar2002uvod,
%  author = 	 {Šime Ungar},
%  title = 	 {{Uvod u \TeX{} s naglaskom na \LaTeX 2$\epsilon$}},
%  publisher = 	 {Odjel za matematiku, Sveučilište J.J.\ Strossmayera u Osijeku},
%  year = 	 {2002}
}
